% ========================= Dodane =========================

% "NoSQL Kompendium wiedzy"
@Book{bib:no-sql-kompendium-wiedzy,
  Title                    = {NoSQL Kompendium wiedzy},
  Author                   = {Pramod J. Sadalage and Martin Fowler},
  Publisher                = {Helion},
  Year                     = {2015},
  Address                  = {Gliwice},
  ISBN                     = {978-83-246-9905-6}
}

% "An Introduction To Database Systems"
@Book{bib:an-introduction-to-database-systems,
  Title                    = {An Introduction To Database Systems, 8th Edition},
  Author                   = {C.J. Date},
  Publisher                = {Pearson},
  Year                     = {2003},
  Address                  = {USA},
  ISBN                     = {978-0321197849}
}

% "Type of NOSQL Databases and its Comparison with Relational Databases"
@Article{bib:type-of-nosql-databases-and-its-comparison-with-relational-databases,
  Title                    = {Type of {N}o{SQL} {D}atabases and its {C}omparison with {R}elational {D}atabases},
  Author                   = {Ameya Nayak and Anil Poriya and Dikshay Poojary},
  Journal                  = {International Journal of Applied Information Systems (IJAIS)},
  Year                     = {2013},
  Number                   = {4},
  Pages                    = {16-19},
  Volume                   = {5}
}

% "A Relational Model of Data for Large Shared Data Banks"
@Article{bib:a-relational-model-of-data-for-large-shared-data-banks,
  Title                    = {A {R}elational {M}odel of {D}ata for {L}arge {S}hared {D}ata {B}anks},
  Author                   = {Edgar F. Codd},
  Journal                  = {Communications of the ACM},
  Year                     = {1970},
  Number                   = {6},
  Pages                    = {377-387},
  Volume                   = {13}
}

% artykul "A Survey and Comparison of Relational and Non-Relational Database"
@Article{bib:a-survey-and-comparison-of-relational-and-non-relational-database,
  Title                    = {A {S}urvey and {C}omparison of {R}elational and {N}on-{R}elational {D}atabase},
  Author                   = {Nishtha Jatana and Sahil Puri and Mehak Ahuja and Ishita Kathuria and Dishant Gosain},
  Journal                  = {International Journal of Engineering Research {\&} Technology (IJERT)},
  Year                     = {2012},
  Number                   = {6},
  Volume                   = {1}
}

% "MongoDB as an Efficient Graph Database: An Application of Document Oriented NOSQL Database"
@inbook{mongodb-as-an-efficient-graph-database,
  author = {Parmar, Raj and Roy, Sudipta},
  year = {2018},
  pages = {331 -358},
  title = {Data Intensive Computing Application for Big Data - rozdział MongoDB as an Efficient Graph Database: An Application of Document Oriented NOSQL Database},
  isbn = {978-1-61499-814-3}
}

% Artykuł konferencyjny "Graph Databases Comparison: AllegroGraph, ArangoDB, InfiniteGraph, Neo4J and OrientDB"
@InProceedings{bib:graph-databases-comparison,
  Title                    = {Graph {D}atabases {C}omparison: {A}llegro{G}raph, {A}rango{DB}, {I}nfinite{G}raph, {N}eo4{J}, and {O}rient{DB}},
  Author                   = {Diogo Fernandes and Jorge Bernardino},
  Booktitle                = {Proceedings of the 7th International Conference on Data Science, Technology and Applications - Volume 1: DATA 2018},
  Year                     = {2018},
  Pages                    = {373-380}
}

% Artykuł konferencyjny "Migrating Application Data to the Cloud Using Cloud Data Patterns"
@InProceedings{bib:migrating-application-data-to-the-cloud-using-cloud-data-patterns,
  Title                    = {Migrating {A}pplication {D}ata to the {C}loud {U}sing {C}loud {D}ata {P}atterns},
  Author                   = {Steve Strauch and Vasilios Andrikopoulos and Thomas Bachmann and Frank Leymann},
  Booktitle                = {Proceedings of the 3rd International Conference on Cloud Computing and Service Science, CLOSER 2013},
  Year                     = {2013}, 
  Pages                    = {36-46}
}

% Building Event-Driven Microservices: Leveraging Organizational Data at Scale
@Book{bib:event-driven-microservices,
  Title                    = {Building Event-Driven Microservices: Leveraging Organizational Data at Scale},
  Author                   = {Adam Bellemare},
  Publisher                = {O'Reilly Media},
  Year                     = {2020},
  ISBN                     = {978-1492057895}
}

% "Migration from relational to NoSQL database"
@Article{bib:migration-from-relational-to-nosql-database,
  Title                    = {Migration from relational to {N}o{SQL} database},
  Author                   = {Sunita Ghotiya and Juhi Mandal and Saravanakumar Kandasamy},
  Journal                  = {IOP Conference Series: Materials Science and Engineering},
  Year                     = {2017},
  Number                   = {4},
  Volume                   = {263}
}

@Article{bib:performance-evaluation-of-sql-and-nosql-database-management-systems-in-a-cluster,
  Title                    = {Performance {E}valuation of {SQL} and {N}o{SQL} {D}atabase {M}anagement {S}ystems in a {C}luster},
  Author                   = {Christine Niyizamwiyitira and Lars Lundberg},
  Journal                  = {International Journal of Database Management Systems (IJDMS)},
  Year                     = {2017},
  Number                   = {6},
  Pages                    = {1-24},
  Volume                   = {9}
}

% Artykuł "Database Replication"
@Article{bib:database-replication-article,
  Title                    = {{D}atabase {R}eplication},
  Author                   = {Marius Cristian},
  Journal                  = {Database Systems Journal},
  Year                     = {2010},
  Number                   = {2},
  Pages                    = {33-38},
  Volume                   = {1}
}

% Database Replication (Synthesis Lectures on Data Management)
@Book{bib:database-replication-book,
  Title                    = {Database Replication (Synthesis Lectures on Data Management)},
  Author                   = {Bettina Kemme and Ricardo Jiménez Peri and Marta Patiño-Martínez},
  Publisher                = {Morgan and Claypool Publishers},
  Year                     = {2010},
  ISBN                     = {978-1608453818}
}
% ========================= Nie dodane =========================

% Artykuł konferencyjny "Relational to NoSQL Database Migration"
@InProceedings{bib:relational-to-nosql-database-migration,
  Title                    = {Relational to {N}o{SQL} {D}atabase {M}igration},
  Author                   = {Aparna Babu and Subu Surendran},
  Booktitle                = {National Conference on Advanced Computing, Communication and Electrical Systems - (NCACCES'17)},
  Year                     = {2017}, 
  Pages                    = {58-62},
  Volume                   = {6}
}

% "Improving Database System Performance by Applying NoSQL" 
@Article{bib:improving-database-system-performance-by-applying-nosql,
  Title                    = {Improving {D}atabase {S}ystem {P}erformance by {A}pplying {N}o{SQL}},
  Author                   = {Yong-Lak Choi and Woo-Seong Jeon and Seok-Hwan Yoon},
  Journal                  = {Journal of Information Processing Systems},
  Year                     = {2014},
  Number                   = {3},
  Pages                    = {355-364},
  Volume                   = {10}
}

% TODO 1
% Performance Analysis of RDBMS and No SQL Databases: PostgreSQL, MongoDB and Neo4j
% https://www.researchgate.net/publication/344634192_Performance_Analysis_of_RDBMS_and_No_SQL_Databases_PostgreSQL_MongoDB_and_Neo4j

% TODO 2
% Coś o architekturze/projektowaniu systemów.

% TODO 3
% Podręcznik do Neo4j / MongoDB
% ========================================================
% Artykuł konferencyjny "Automatic mapping of MySQL databases to NoSQL MongoDB"
@InProceedings{bib:automatic-mapping-of-mysql-databases-to-nosql-mongodb,
  Title                    = {{A}utomatic mapping of {M}y{S}{Q}{L} databases to {N}o{S}{Q}{L} {M}ongo{D}{B}},
  Author                   = {Liana Stanescu and Marius Brezovan and Dumitru Dan Burdescu},
  Booktitle                = {Proceedings of the Federated Conference on Computer Science
and Information Systems},
  Year                     = {2016}, 
  Pages                    = {837-840}
}

% Artykuł konferencyjny "Mid-model Design Used in Model Transition and Data Migration between  Relational Databases and NoSQL Databases"
@InProceedings{bib:mid-model-design-used-in-model-transition,
  Title                    = {{M}id-model {D}esign {U}sed in {M}odel {T}ransition and {D}ata {M}igration between {R}elational {D}atabases and {N}o{S}{Q}{L} {D}atabases},
  Author                   = {Liang Dongzhao and Lin Yunzhen and Ding Guiguang},
  Booktitle                = {2015 IEEE International Conference on Smart City/SocialCom/SustainCom (SmartCity)},
  Year                     = {2015}, 
  Pages                    = {866-869}
}

% Artykuł konferencyjny "A Framework for Migrating Relational Datasets to NoSQL"
@Article{bib:a-framework-for-migrating-relational-datasets-to-nosql,
  Title                    = {{A} {F}ramework for {M}igrating {R}elational {D}atasets to {N}o{S}{Q}{L}},
  Author                   = {Leonardo Rocha and Elder Cirilo and Fernando Mourão and Fernando Vale
 and Dárlinton Barbosa},
  Journal                = {Procedia Computer Science},
  Year                     = {2015}, 
  Pages                    = {2593–2602},
  Volume                   = {51}
}

% Artykuł "Data adapter [...]"
% https://www.semanticscholar.org/paper/Data-adapter-for-querying-and-transformation-SQL-Liao-Zhou/88e0bee9e7165c1d156dccb965060e52ffc8e1c0
@Article{bib:data-adapter,
  Title                    = {Data adapter for querying and transformation between {S}{Q}{L} and {N}o{S}{Q}{L} database},
  Author                   = {Ying-Ti Liao and Jiazhen Zhou and Chia-Hung Lu and Shih-Chang Chen and Ching-Hsien Hsu and Wenguang Chen and Mon-Fong Jiang and Yeh-Ching Chung},
  Journal                = {Future Gener. Comput. Syst.},
  Year                     = {2016}, 
  Volume                   = {65},
  Pages                    = {111-121}
}

% Artykuł z CMS
% https://www.semanticscholar.org/paper/SQL-to-NoSQL-Schema-Denormalization-and-Migration%3A-Lee-Zheng/a4c7eed69558ba96ea2d0e8cb2810fc359b43175
@InProceedings{bib:migration-cms,
  Title                    = {{S}{Q}{L}-to-{N}o{S}{Q}{L} {S}chema {D}enormalization and {M}igration: {A} {S}tudy on {C}ontent {M}anagement {S}ystems},
  Author                   = {Chao-Hsien Lee and Yu-Lin Zheng},
  Booktitle                = {2015 IEEE International Conference on Systems, Man, and Cybernetics},
  Year                     = {2015},
  Pages                    = {2022-2026},
}


% ================ Strony internetowe =================

% strona DB-Engines Ranking
@MISC{bib:db-engines-ranking,
	Title 			= {{DB}-{E}ngines (ranking baz danych)},
	HowPublished 	= {\url{https://db-engines.com/en/ranking}},
	Note 			= {[data dostępu: 2021-10-11]}
}

% What's better for your big data application, SQL or NoSQL?
@MISC{bib:whats-better-for-your-big-data-application-sql-or-nosql,
    author = {John Dix},
	Title 			= {{W}hat's better for your big data application, {SQL} or {N}o{SQL}?},
	HowPublished 	= {\url{https://www.networkworld.com/article/2226514/what-s-better-for-your-big-data-application--sql-or-nosql-.html}},
	Note 			= {[data dostępu: 2021-09-12]}
}

% What's better for your big data application, SQL or NoSQL?
@MISC{bib:fowler-polyglot-persistence,
    author = {Martin Fowler},
	Title 			= {Polyglot {P}ersistence},
	HowPublished 	= {\url{https://martinfowler.com/bliki/PolyglotPersistence.html}},
	Note 			= {[data dostępu: 2021-11-01]}
}

% Rodzaje replikacji wbudowane w MS SQL Server
@MISC{bib:microsoft-sql-server-replication-types,
	Title 			= {{M}icrosoft {S}{Q}{L} {S}erver - rodzaje replikacji},
	HowPublished 	= {\url{https://docs.microsoft.com/en-us/sql/relational-databases/replication/types-of-replication?view=sql-server-ver15}},
	Note 			= {[data dostępu: 2021-11-07]}
}

% ================ NARZĘDZIA =================

% Dokumentacja MongoDB Atlas
@MISC{bib:MongoDBAtlasDocumentation,
	Title 			= {{M}ongo{D}{B} {A}tlas - dokumentacja},
	HowPublished 	= {\url{https://docs.atlas.mongodb.com/}},
	Note 			= {[data dostępu: 2021-10-10]}
}

% Dokumentacja Neo4J
@MISC{bib:Neo4JDocumentation,
	Title 			= {{N}eo4j - dokumentacja},
	HowPublished 	= {\url{https://neo4j.com/docs/}},
	Note 			= {[data dostępu: 2021-10-11]}
}

% Dokumentacja MongoDB
@MISC{bib:MongoDBDocumentation,
	Title 			= {{M}ongo{D}{B} - dokumentacja},
	HowPublished 	= {\url{https://docs.mongodb.com/}},
	Note 			= {[data dostępu: 2021-10-11]}
}

% Mongo Connector
@misc{bib:mongo-connector-introducing,
	title 			= {Mongo{D}{B} - {I}ntroducing {M}ongo {C}onnector},
	howpublished 	= {\url{https://www.mongodb.com/blog/post/introducing-mongo-connector}},
	note 			= {[data dostępu: 2021-10-30]}
}

% Mongo Connector
@misc{bib:mongo-connector-github,
	title 			= {Mongo {C}onnector {G}it{H}ub repository},
	howpublished 	= {\url{https://github.com/yougov/mongo-connector}},
	note 			= {[data dostępu: 2021-10-30]}
}

% Mongo Connector
@misc{bib:mongo-connector-doc-manager,
	title 			= {Mongo {C}onnector - {W}riting {Y}our {O}wn {D}oc{M}anager},
	howpublished 	= {\url{https://github.com/yougov/mongo-connector/wiki/Writing-Your-Own-DocManager}},
	note 			= {[data dostępu: 2021-10-30]}
}

% Neo4j Doc Manager
@misc{bib:neo4j-doc-manager,
	title 			= {Neo4j - {N}eo4j {D}oc {M}anager},
	howpublished 	= {\url{https://neo4j.com/developer/neo4j-doc-manager/}},
	note 			= {[data dostępu: 2021-10-30]}
}

% Neo4j Doc Manager
@misc{bib:neo4j-doc-manager-github,
	title 			= {Neo4j {D}oc {M}anager {G}it{H}ub repository},
	howpublished 	= {\url{https://github.com/neo4j-contrib/neo4j_doc_manager}},
	note 			= {[data dostępu: 2021-10-30]}
}

% doc2graph
@misc{bib:doc2graph-github,
	title 			= {Doc2{G}raph {G}it{H}ub repository},
	howpublished 	= {\url{https://github.com/larusba/doc2graph}},
	note 			= {[data dostępu: 2021-10-30]}
}

% Mongo4j
@misc{bib:mongo4j-npm,
	title 			= {Mongo4j on {N}{P}{M}},
	howpublished 	= {\url{https://www.npmjs.com/package/mongo4j}},
	note 			= {[data dostępu: 2021-10-30]}
}

% Mongo4j
@misc{bib:mongo4j-github,
	title 			= {Mongo4j {G}it{H}ub repository},
	howpublished 	= {\url{https://github.com/SvenWesterlaken/mongo4j}},
	note 			= {[data dostępu: 2021-10-30]}
}

% Mongo4j - mongoose
@misc{bib:mongo4j-mongoose,
	title 			= {Mongoose website},
	howpublished 	= {\url{https://mongoosejs.com/}},
	note 			= {[data dostępu: 2021-10-30]}
}

% Neo4j - Drivers
@misc{bib:neo4j-drivers,
	title 			= {Neo4j - sterowniki i wsparcie dla języków},
	howpublished 	= {\url{https://neo4j.com/developer/language-guides/}},
	note 			= {[data dostępu: 2021-10-30]}
}

% Change Streams
@misc{bib:change-streams,
	title 			= {Mongo{D}{B} {C}hange {S}treams},
	howpublished 	= {\url{https://www.mongodb.com/basics/change-streams}},
	note 			= {[data dostępu: 2021-10-31]}
}

% Change Streams
@misc{bib:change-streams-manual,
	title 			= {Mongo{D}{B} {C}hange {S}treams - dokumentacja},
	howpublished 	= {\url{https://docs.mongodb.com/manual/changeStreams/}},
	note 			= {[data dostępu: 2021-10-31]}
}

% Neo4j Streams
@misc{bib:neo4j-streams,
	title 			= {Neo4j - {N}eo4j {S}treams project overview},
	howpublished 	= {\url{https://neo4j.com/labs/kafka/}},
	note 			= {[data dostępu: 2021-10-31]}
}

% Neo4j Streams
@misc{bib:neo4j-streams-github,
	title 			= {Neo4j {S}treams {G}it{H}ub repository},
	howpublished 	= {\url{https://github.com/neo4j-contrib/neo4j-streams}},
	note 			= {[data dostępu: 2021-10-31]}
}

% Neo4j APOC
@misc{bib:neo4j-apoc,
	title 			= {Neo4j - {A}{P}{O}{C} library},
	howpublished 	= {\url{https://neo4j.com/developer/neo4j-apoc/}},
	note 			= {[data dostępu: 2021-10-31]}
}

% Moneo
@misc{bib:moneo,
	title 			= {Moneo {G}it{H}ub repository},
	howpublished 	= {\url{https://github.com/srfrnk/moneo}},
	note 			= {[data dostępu: 2021-10-31]}
}

% Neomongoose
@misc{bib:neomongoose,
	title 			= {Neomongoose on {N}{P}{M}},
	howpublished 	= {\url{https://www.npmjs.com/package/neomongoose}},
	note 			= {[data dostępu: 2021-10-31]}
}

% Robo3t
@misc{bib:robo3t,
	title 			= {Robo 3{T} website},
	howpublished 	= {\url{https://robomongo.org/}},
	note 			= {[data dostępu: 2021-10-31]}
}

% MongoDB - GitHub
@misc{bib:mongo-git,
	title 			= {Mongo{D}{B} {G}it{H}ub repository},
	howpublished 	= {\url{https://github.com/mongodb/mongo}},
	note 			= {[data dostępu: 2021-10-31]}
}


% ======== DOCKER =========

% Mongo Docker image
@misc{bib:dockerhub-mongo,
	title 			= {Docker {H}ub - {M}ongo{D}{B} image},
	howpublished 	= {\url{https://hub.docker.com/_/mongo}},
	note 			= {[data dostępu: 2021-10-31]}
}

% Neo4j Docker image
@misc{bib:dockerhub-neo,
	title 			= {Docker {H}ub - {N}eo4j image},
	howpublished 	= {\url{https://hub.docker.com/_/neo4j}},
	note 			= {[data dostępu: 2021-10-31]}
}


